<?xml version="1.0" encoding="UTF-8"?><collection xmlns="http://www.loc.gov/MARC21/slim"><record><leader>00454nam--2200133-i-4500</leader><controlfield tag="001">000012925</controlfield><controlfield tag="002">20161230</controlfield><controlfield tag="005">20161230201030</controlfield><controlfield tag="008">060222s1000------------r-----000-0-eng-d</controlfield><datafield ind1=" " ind2=" " tag="245"><subfield code="a">Differential geometry and relativity. a volume in honour of andre lichnerowicz on his 60th birthday</subfield></datafield><datafield ind1=" " ind2=" " tag="260"><subfield code="a">Dordrecht-holland/Boston, D.Reideil Publ.Co., 1976</subfield></datafield><datafield ind1=" " ind2=" " tag="490"><subfield code="a">Mathematical Physics And Applied Mathematics</subfield></datafield><datafield ind1=" " ind2=" " tag="700"><subfield code="a">Cahen, M.And Flato, M</subfield></datafield><datafield ind1=" " ind2=" " tag="852"><subfield code="a">530.12</subfield></datafield></record></collection>